%% This BibTeX bibliography file was created using BibDesk.
%% http://bibdesk.sourceforge.net/


%% Created for Lauro Cesar Araujo at 2015-04-27 19:43:45 -0300 


%% Saved with string encoding Unicode (UTF-8) 


@misc{tabular-ibge,
  title={Normas de apresenta{\c{c}}{\~a}o tabular},
  organization={Fundação Instituto Brasileiro de Geografia e Estat{\'i}stica - IBGE},
  org-short={IBGE},
  year={1993},
  url={https://web.archive.org/web/20210624204314/https://biblioteca.ibge.gov.br/visualizacao/livros/liv23907.pdf},
  address={Rio de Janeiro - RJ},
  publisher={IBGE}
}

@book{ibge1993,
	Address = {Rio de Janeiro},
	Author = {IBGE},
	Date-Added = {2013-08-21 13:56:10 +0000},
	Date-Modified = {2013-08-21 13:56:10 +0000},
	Edition = {3},
	Organization = {http://biblioteca.ibge.gov.br/visualizacao/livros/liv23907.pdf},
	Publisher = {Centro de Documenta{\c c}{\~a}o e Dissemina{\c c}{\~a}o de Informa{\c c}{\~o}es. Funda{\c c}{\~a}o Intituto Brasileiro de Geografia e Estat{\'\i}stica},
	Title = {Normas de apresenta{\c c}{\~a}o tabular},
	Urlaccessdate = {21 ago 2013},
	Year = {1993}}

@misc{abntex2-wiki-como-customizar,
	Author = {Lauro C{\'e}sar Araujo},
	Date-Added = {2013-03-23 21:39:21 +0000},
	Date-Modified = {2015-04-27 22:43:06 +0000},
	Howpublished = {Wiki do abnTeX2},
	Keywords = {wiki},
	Title = {Como customizar o abnTeX2},
	Url = {https://github.com/abntex/abntex2/wiki/ComoCustomizar},
	Urlaccessdate = {27 abr 2015},
	Year = {2015},
	Bdsk-Url-1 = {https://github.com/abntex/abntex2/wiki/ComoCustomizar}}

@manual{talbot2012,
	Author = {Nicola L.C. Talbot},
	Date-Added = {2013-03-11 12:06:04 +0000},
	Date-Modified = {2013-03-11 12:06:56 +0000},
	Month = {Nov.},
	Title = {User Manual for glossaries.sty},
	Url = {http://mirrors.ctan.org/macros/latex/contrib/glossaries/glossaries-user.pdf},
	Urlaccessdate = {11 mar. 2013},
	Year = {2012},
	Bdsk-Url-1 = {http://mirrors.ctan.org/macros/latex/contrib/glossaries/glossaries-user.pdf}}

@manual{babel,
	Author = {Johannes Braams},
	Date-Added = {2013-02-17 13:37:14 +0000},
	Date-Modified = {2013-02-17 13:38:38 +0000},
	Month = {Apr.},
	Title = {Babel, a multilingual package for use with LATEX's standard document classes},
	Url = {http://mirrors.ctan.org/info/babel/babel.pdf},
	Urlaccessdate = {17 fev. 2013},
	Year = {2008},
	Bdsk-Url-1 = {http://mirrors.ctan.org/info/babel/babel.pdf}}

@manual{abntex2modelo-artigo,
	Annote = {Este documento {\'e} derivado do \cite{abnt-bibtex-doc}},
	Author = {Lauro C{\'e}sar Araujo},
	Date-Added = {2013-01-15 00:10:35 +0000},
	Date-Modified = {2015-04-27 22:43:13 +0000},
	Organization = {Equipe abnTeX2},
	Title = {Modelo Can{\^o}nico de Artigo Cient{\'\i}fico com abnTeX2},
	Url = {http://www.abntex.net.br/},
	Year = {2015},
	Bdsk-Url-1 = {http://www.abntex.net.br/}}

@manual{abntex2modelo-relatorio,
	Annote = {Este documento {\'e} derivado do \cite{abnt-bibtex-doc}},
	Author = {Lauro C{\'e}sar Araujo},
	Date-Added = {2013-01-15 00:05:34 +0000},
	Date-Modified = {2015-04-27 22:43:18 +0000},
	Organization = {Equipe abnTeX2},
	Title = {Modelo Can{\^o}nico de Relat{\'o}rio T{\'e}cnico e/ou Cient{\'\i}fico com abnTeX2},
	Url = {http://www.abntex.net.br/},
	Year = {2015},
	Bdsk-Url-1 = {http://www.abntex.net.br/}}

@manual{abntex2modelo,
	Annote = {Este documento {\'e} derivado do \cite{abnt-bibtex-doc}},
	Author = {Lauro C{\'e}sar Araujo},
	Date-Added = {2013-01-12 22:55:32 +0000},
	Date-Modified = {2015-04-27 22:43:32 +0000},
	Organization = {Equipe abnTeX2},
	Title = {Modelo Can{\^o}nico de Trabalho Acad{\^e}mico com abnTeX2},
	Url = {http://www.abntex.net.br/},
	Year = {2015},
	Bdsk-Url-1 = {http://www.abntex.net.br/}}

@mastersthesis{araujo2012,
	Address = {Bras{\'\i}lia},
	Author = {Lauro C{\'e}sar Araujo},
	Date-Added = {2013-01-09 11:04:42 +0000},
	Date-Modified = {2013-01-09 11:04:42 +0000},
	Month = {mar.},
	School = {Universidade de Bras{\'\i}lia},
	Subtitle = {uma perspectiva de {A}rquitetura da {I}nforma{\c c}{\~a}o da {E}scola de {B}ras{\'\i}lia},
	Title = {Configura{\c c}{\~a}o},
	Year = {2012}}

@manual{memoir,
	Address = {Normandy Park, WA},
	Author = {Peter Wilson and Lars Madsen},
	Date-Added = {2013-01-09 10:37:50 +0000},
	Date-Modified = {2013-03-21 13:23:25 +0000},
	Organization = {The Herries Press},
	Title = {The Memoir Class for Configurable Typesetting - User Guide},
	Url = {http://mirrors.ctan.org/macros/latex/contrib/memoir/memman.pdf},
	Urlaccessdate = {19 dez. 2012},
	Year = {2010},
	Bdsk-Url-1 = {http://ctan.tche.br/macros/latex/contrib/memoir/memman.pdf}}

@manual{abntex2cite-alf,
	Annote = {Este documento {\'e} derivado do \cite{abnt-bibtex-alf-doc}},
	Author = {Lauro C{\'e}sar Araujo},
	Date-Added = {2013-01-09 10:37:45 +0000},
	Date-Modified = {2015-04-27 22:43:44 +0000},
	Organization = {Equipe abnTeX2},
	Title = {O pacote abntex2cite: t{\'o}picos espec{\'\i}ficos da ABNT NBR 10520:2002 e o estilo bibliogr{\'a}fico alfab{\'e}tico (sistema autor-data)},
	Url = {http://www.abntex.net.br/},
	Year = {2015},
	Bdsk-Url-1 = {http://www.abntex.net.br/}}

@manual{abntex2cite,
	Annote = {Este documento {\'e} derivado do \cite{abnt-bibtex-doc}},
	Author = {Lauro C{\'e}sar Araujo},
	Date-Added = {2013-01-09 10:37:45 +0000},
	Date-Modified = {2015-04-27 22:43:38 +0000},
	Organization = {Equipe abnTeX2},
	Title = {O pacote abntex2cite: Estilos bibliogr{\'a}ficos compat{\'\i}veis com a ABNT NBR 6023},
	Url = {http://www.abntex.net.br/},
	Year = {2015},
	Bdsk-Url-1 = {http://www.abntex.net.br/}}

@manual{abntex2classe,
	Author = {Lauro C{\'e}sar Araujo},
	Date-Added = {2013-01-09 10:37:38 +0000},
	Date-Modified = {2015-04-27 22:42:47 +0000},
	Organization = {Equipe abnTeX2},
	Title = {A classe abntex2: Modelo can{\^o}nico de trabalhos acad{\^e}micos brasileiros compat{\'\i}vel com as normas ABNT NBR 14724:2011, ABNT NBR 6024:2012 e outras},
	Url = {http://www.abntex.net.br/},
	Year = {2015},
	Bdsk-Url-1 = {http://www.abntex.net.br/}}

@manual{NBR10520:2002,
	Address = {Rio de Janeiro},
	Date-Added = {2012-12-15 21:43:38 +0000},
	Date-Modified = {2013-01-12 22:17:20 +0000},
	Month = {ago.},
	Org-Short = {ABNT},
	Organization = {Associa{\c c}\~ao Brasileira de Normas T\'ecnicas},
	Pages = 7,
	Subtitle = {Informa{\c c}\~ao e documenta{\c c}\~ao --- Apresenta{\c c}\~ao de cita{\c c}\~oes em documentos},
	Title = {{NBR} 10520},
	Year = 2002}

@manual{NBR6024:2012,
	Address = {Rio de Janeiro},
	Date-Added = {2012-12-15 21:24:06 +0000},
	Date-Modified = {2012-12-15 21:24:28 +0000},
	Month = {fev.},
	Org-Short = {ABNT},
	Organization = {Associa{\c c}\~ao Brasileira de Normas T\'ecnicas},
	Pages = 4,
	Subtitle = {Numera{\c c}\~ao progressiva das se{\c c}\~oes de um documento},
	Title = {{NBR} 6024},
	Year = 2012}

@manual{NBR6028:2003,
	Address = {Rio de Janeiro},
	Date-Added = {2012-12-15 21:02:12 +0000},
	Date-Modified = {2012-12-15 21:02:50 +0000},
	Month = {nov.},
	Org-Short = {ABNT},
	Organization = {Associa{\c c}\~ao Brasileira de Normas T\'ecnicas},
	Pages = 2,
	Subtitle = {Resumo - Apresenta{\c c}{\~a}o},
	Title = {{NBR} 6028},
	Year = 2003}

@manual{NBR14724:2001,
	Address = {Rio de Janeiro},
	Date-Added = {2012-12-15 20:34:08 +0000},
	Date-Modified = {2012-12-15 20:34:08 +0000},
	Month = {jul.},
	Org-Short = {ABNT},
	Organization = {Associa{\c c}\~ao Brasileira de Normas T\'ecnicas},
	Pages = 6,
	Subtitle = {Informa{\c c}\~ao e documenta{\c c}\~ao --- trabalhos acad\^emicos --- apresenta{\c c}\~ao},
	Title = {{NBR} 14724},
	Year = 2001}

@manual{NBR14724:2002,
	Address = {Rio de Janeiro},
	Date-Added = {2012-12-15 20:34:17 +0000},
	Date-Modified = {2012-12-15 20:34:17 +0000},
	Month = {ago.},
	Org-Short = {ABNT},
	Organization = {Associa{\c c}\~ao Brasileira de Normas T\'ecnicas},
	Pages = 6,
	Subtitle = {Informa{\c c}\~ao e documenta{\c c}\~ao --- trabalhos acad\^emicos --- apresenta{\c c}\~ao},
	Title = {{NBR} 14724},
	Year = 2002}

@manual{NBR14724:2005,
	Address = {Rio de Janeiro},
	Date-Added = {2012-12-15 20:34:08 +0000},
	Date-Modified = {2012-12-15 20:35:25 +0000},
	Month = {dez.},
	Org-Short = {ABNT},
	Organization = {Associa{\c c}\~ao Brasileira de Normas T\'ecnicas},
	Pages = 9,
	Subtitle = {Informa{\c c}\~ao e documenta{\c c}\~ao --- trabalhos acad\^emicos --- apresenta{\c c}\~ao},
	Title = {{NBR} 14724},
	Year = 2005}

@manual{NBR14724:2011,
	Address = {Rio de Janeiro},
	Date-Added = {2012-12-15 20:34:08 +0000},
	Date-Modified = {2012-12-15 20:35:25 +0000},
	Month = {mar.},
	Note = {Substitui a Ref.~\citeonline{NBR14724:2005}},
	Org-Short = {ABNT},
	Organization = {Associa{\c c}\~ao Brasileira de Normas T\'ecnicas},
	Pages = 15,
	Subtitle = {Informa{\c c}\~ao e documenta{\c c}\~ao --- trabalhos acad\^emicos --- apresenta{\c c}\~ao},
	Title = {{NBR} 14724},
	Year = 2011}

@article{van86,
	Author = {{van}, Gigch, John P. and Leo L. Pipino},
	Journal = {Future Computing Systems},
	Number = {1},
	Pages = {71-97},
	Title = {In search for a paradigm for the discipline of information systems},
	Volume = {1},
	Year = {1986}}

@phdthesis{guizzardi2005,
	Address = {Enschede, The Netherlands},
	Author = {Giancarlo Guizzardi},
	Date-Added = {2012-04-23 11:35:28 +0000},
	Date-Modified = {2012-04-23 11:35:28 +0000},
	School = {Centre for Telematics and Information Technology, University of Twente},
	Title = {Ontological Foundations for Structural Conceptual Models},
	Url = {http://www.loa.istc.cnr.it/Guizzardi/SELMAS-CR.pdf},
	Urlaccessdate = {3 jul. 2011},
	Year = {2005},
	Bdsk-Url-1 = {http://www.loa.istc.cnr.it/Guizzardi/SELMAS-CR.pdf}}

@mastersthesis{macedo2005,
	Author = {Fl{\'a}via L. Macedo},
	Date-Added = {2012-04-23 11:35:13 +0000},
	Date-Modified = {2012-04-23 11:35:13 +0000},
	Keywords = {arquitetura da informa{\c c}{\~a}o},
	School = {Universidade de Bras{\'\i}lia},
	Title = {Arquitetura da Informa{\c c}{\~a}o: aspectos espistemol{\'o}gicos, cient{\'\i}ficos e pr{\'a}ticos.},
	Type = {Disserta{\c c}{\~a}o de Mestrado},
	Year = {2005}}

@manual{EIA649B,
	Address = {EUA},
	Date-Added = {2012-04-23 11:34:59 +0000},
	Date-Modified = {2012-04-23 11:34:59 +0000},
	Keywords = {norma},
	Month = {June},
	Organization = {TechAmerica},
	Title = {ANSI/EIA 649-B: Configuration Management Standard},
	Year = {2011}}

@inproceedings{masolo2010,
	Author = {Claudio Masolo},
	Booktitle = {Proceedings of the Twelfth International Conference on the Principles of Knowledge Representation and Reasoning (KR 2010)},
	Date-Added = {2012-04-23 11:34:38 +0000},
	Date-Modified = {2012-04-23 11:34:38 +0000},
	Editor = {Lin, F. and Sattler, U.},
	Pages = {258-268},
	Publisher = {AAAI Press},
	Title = {Understanding Ontological Levels},
	Url = {http://wiki.loa-cnr.it/Papers/kr10v0.7.pdf},
	Urlaccessdate = {2 jan. 2012},
	Year = {2010},
	Bdsk-Url-1 = {http://wiki.loa-cnr.it/Papers/kr10v0.7.pdf}}

@inbook{guarino1995,
	Address = {Vienna},
	Author = {Nicola Guarino},
	Booktitle = {Philosophy and the Cognitive Science},
	Date-Added = {2012-04-23 11:34:29 +0000},
	Date-Modified = {2012-04-23 11:34:29 +0000},
	Editor = {R. Casati and B. Smith and G. White},
	Month = {Sept.},
	Pages = {443-456},
	Publisher = {Holder-Pivhler-Tempsky},
	Title = {The Ontological Level},
	Url = {http://wiki.loa-cnr.it/Papers/OntLev.pdf},
	Urlaccessdate = {2 jan. 2012},
	Year = {1995},
	Bdsk-Url-1 = {http://wiki.loa-cnr.it/Papers/OntLev.pdf}}

@incollection{bates2010,
	Address = {New York},
	Author = {Marcia J. Bates},
	Booktitle = {Encyclopedia of Library and Information Sciences},
	Date-Added = {2012-04-23 11:34:29 +0000},
	Date-Modified = {2012-04-23 11:34:29 +0000},
	Edition = {3rd},
	Editor = {Marcia J. Bates and Mary Niles Maack},
	Pages = {2347-2360},
	Publisher = {CRC Press},
	Title = {Information},
	Url = {http://pages.gseis.ucla.edu/faculty/bates/articles/information.html},
	Urlaccessdate = {24 out. 2011},
	Volume = {3},
	Year = {2010},
	Bdsk-Url-1 = {http://pages.gseis.ucla.edu/faculty/bates/articles/information.html}}

@book{doxiadis1965,
	Author = {Constantinos A. Doxiadis},
	Date-Added = {2012-04-23 11:34:20 +0000},
	Date-Modified = {2012-04-23 11:34:20 +0000},
	Publisher = {Ceira - Coimbra},
	Title = {Arquitetura em Transi{\c c}{\~a}o},
	Year = {1965}}

@book{dewey1980,
	Address = {New York, NY, USA},
	Author = {John Dewey},
	Date-Added = {2012-04-23 11:34:16 +0000},
	Date-Modified = {2012-04-23 11:34:16 +0000},
	Publisher = {Perigee Books},
	Title = {Art as Experience},
	Year = {1980}}

@manual{NormalizacaoIFSP,
	Address = {São Paulo},
	Date-Added = {2021-03-16 16:50:12 +0000},
	Date-Modified = {2021-03-16 16:50:12 +0000},
	Month = {nov.},
	Org-Short = {IFSP},
	Organization = {Instituto federal de São Paulo},
	Pages = 41,
	Title = {Guia de Orientação à Normalização de Trabalhos Acadêmicos},
	Year = 2011}

@book{PESQUISA:SERRANEGRA,
  title={Manual de Trabalhos Monográficos de Graduação, Especialização, Mestrado e Doutorado},
  author={Carlos Alberto Serra Negra, Elizabete Marinho Serra Negra},
  year={2004},
  publisher={Atlas},
  address = {São Paulo, SP, Brasil}
}

@book{PESQUISA:RAUL,
  title={Metodologia de Pesquisa para Ciência da Computação},
  author={Raul Sidnei Wazlawick},
  year={2008},
  publisher={Elsevier},
  address = {Rio de Janeiro, RJ, Brasil}
}

@book{PESQUISA:DEMO,
  title={Metodologia Científica em Ciências Sociais},
  author={Pedro Demo},
  year={1995},
  publisher={Atlas},
  address = {São Paulo, SP, Brasil}
}

@book{ries2011lean,
  title={The Lean Startup: How Today's Entrepreneurs Use Continuous Innovation to Create Radically Successful Businesses},
  author={Ries, Eric},
  year={2011},
  publisher={Crown Business}
}

@book{blank2013startup,
  title={The Startup Owner's Manual: The Step-By-Step Guide for Building a Great Company},
  author={Blank, Steve G.},
  year={2013},
  publisher={K \& S Ranch}
}

@book{severino2016metodologia,
  title={Metodologia do Trabalho Científico},
  author={Severino, Antônio Joaquim},
  year={2016},
  publisher={Cortez Editora}
}

%% Referências utilizadas

@article{janaina2023,
	Author = {Janaína Duarte Bender and Luiz Augusto Facchini and Luíz Miguel Velez Lapão and Elaine Tomasi and Elaine Thumé},
	Journal = {Ciência \& Saúde Coletiva},
	Number = {1},
	Pages = {4-6},
	Title = {O uso de Tecnologias de Informação e Comunicação em Saúde na Atenção Primária à Saúde no Brasil, de 2014 a 2018},
	Volume = {1},
	Year = {2023}}

@article{thiago2022,
	Author = {Thiago Dias Sarti, Ana Paula Santana Coelho Almeida},
	Journal = {Cadernos de Saúde Pública},
	Number = {1},
	Pages = {12-14},
	Title = {Incorporação de telessaúde na atenção primária à saúde no Brasil e fatores associados},
	Volume = {1},
	Year = {2022}}

@article{andre2020,
	Author = {André da Silva Brites and Celia Pereira Caldas and Luciana Branco da Motta and Danielli Santos do Carmo and Alexandre Sztajnberg and Matheus Costa Stutzel},
	Journal = {Revista Brasileira de Geriatria Gerontal},
	Number = {1},
	Pages = {5-10},
	Title = {Sistema Móvel de Assistência ao Idoso ({SMAI}): percepções sobre o uso no cuidado de pessoas com demência},
	Volume = {1},
	Year = {2020}}


@article{mariacristina2008,
	Author = {Maria Cristina Welang and Irani Iracema de Lima Argimon and Lilian Milnitsky Stein},
	Journal = {Estudo interdisciplinar do envelhecimento},
	Number = {1},
	Pages = {100-107},
	Title = {ESTRAT{\'E}GIAS DE MEM{\'O}RIA UTILIZADAS POR IDOSOS PARA LEMBRAREM DO USO DOS SEUS MEDICAMENTOS},
	Volume = {1},
	Year = {2008}}

@article{clarisse2016,
	Author = {Clarisse Machado de Souza},
	Journal = {Centro Universitário Unichristus},
	Number = {1},
	Pages = {6-12},
	Title = {Aplicativos para smartphones e sua colaboração na capacidade funcional de idosos.},
	Volume = {1},
	Year = {2016}}

@misc{pfizer2020,
	Author = {Revista de Notícias da Pfizer},
	Date-Added = {2025-03-31 21:39:21 +0000},
	Date-Modified = {2020-08-12 22:43:06 +0000},
	Howpublished = {Notícias da Pfizer},
	Keywords = {pfizer, vacina, IBOPE},
	Title = {Metade dos brasileiros não observa se a carteirinha de vacinação está em dia},
	Url = {https://www.pfizer.com.br/noticias/releases/metade-dos-brasileiros-nao-observa-se-carteirinha-de-vacinacao-esta-em-diametade-dos-brasileiros-nao-observa-se-carteirinha-de-vacinacao-esta-em-dia},
	Urlaccessdate = {31 mar 2025},
	Year = {2020},
	Bdsk-Url-1 = {https://www.pfizer.com.br/noticias/releases/metade-dos-brasileiros-nao-observa-se-carteirinha-de-vacinacao-esta-em-diametade-dos-brasileiros-nao-observa-se-carteirinha-de-vacinacao-esta-em-dia}}

@misc{lucas-cnn2023,
	Author = {Lucas Rocha},
	Date-Added = {2023-04-19 13:00:00 +0000},
	Date-Modified = {2023-04-19 13:00:00 +0000},
	Howpublished = {Portal de Notícias da CNN},
	Keywords = {vacina, crianças, CNN},
	Title = {Falta de tempo, desinformação e dificuldades de acesso são barreiras à vacinação de crianças, diz estudo},
	Url = {https://www.cnnbrasil.com.br/saude/falta-de-tempo-desinformacao-e-dificuldades-de-acesso-sao-barreiras-a-vacinacao-de-criancas-diz-estudo/},
	Urlaccessdate = {31 mar 2025},
	Year = {2023},
	Bdsk-Url-1 = {https://www.cnnbrasil.com.br/saude/falta-de-tempo-desinformacao-e-dificuldades-de-acesso-sao-barreiras-a-vacinacao-de-criancas-diz-estudo/}}

@article{faleiros2015desafios,
  title={Os desafios do cuidar: revis{\~a}o bibliogr{\'a}fica, sobrecargas e satisfa{\c{c}}{\~o}es do cuidador de idosos},
  author={Faleiros, Andr{\'e}ia Hias and dos Santos and Cristiane Aparecida and Martins, Carla Raquel and de Holanda and Rebecca Astrazione and de Souza and Nat{\'a}lia Lemes Siqueira Aguiar and de Oliveira Ara{\'u}jo and Cl{\'a}udia Lysia},
  journal={Janus},
  volume={12},
  number={22},
  year={2015}
}

@article{aline2012sobrecarga,
    author = {Aline Cristina Martins Gratao and Thaís Ramos Pereira Vendrúscolo and Luana Flávia da Silva Talmelli and Leandro Correa Figueiredo and Jair Lício Ferreira Santos and Rosalina Aparecida Partezani Rodrigues},
    title = {SOBRECARGA E DESCONFORTO EMOCIONAL EM CUIDADORES DE IDOSOS},
    journal = {Texto Contexto Enferm},
    year = {2012}
}

@article{girliani2021vivencias,
    author = {Girliani Silva de Sousa and Raimunda Magalhães da Silva and Amanda Márcia dos Santos Reinaldo and Sônia Maria Soares and Denise Machado Duran Gutierrez and and Maria do Livramento Fortes Figueiredo},
    title = {“A gente não é de ferro”: Vivências de cuidadores familiares sobre o cuidado com idosos dependentes no Brasil},
    journal = {Ciência \& Saúde Coletiva},
    volume = {26},
    pages = {27 - 36},
    year = {2021}
}

@article{Santos2024Idosos, 
    title={TELEMEDICINA NA ASSIST{\^E}NCIA {\`a} SA{\'U}DE DO IDOSO E PERSPECTIVAS PARA A COORDENA{\c{c}}{\~a}O DO CUIDADO DIGITAL NO {B}RASIL}, 
    volume={10}, 
    url={https://periodicorease.pro.br/rease/article/view/12969}, 
    DOI={10.51891/rease.v10i1.12969}, 
    abstractNote={&amp;lt;p&amp;gt;Esta revisão abrangente esclarece o papel central da telemedicina na assistência à saúde do idoso no Brasil, delineando os desafios associados, vantagens e futuras trajetórias. A telemedicina é posicionada como um instrumento transformador na entrega de cuidados geriátricos, não obstante os impedimentos identificados, como a acessibilidade tecnológica e sua aceitação dentro desta demografia. As vantagens manifestas, abrangendo o monitoramento remoto do paciente e a ampliação da acessibilidade aos serviços de saúde, evidenciam sua importância para a população idosa. Consequentemente, é essencial explorar e investir persistentemente neste domínio para aumentar a qualidade dos cuidados geriátricos no Brasil. A perspectiva futura é otimista, sugerindo amplas oportunidades para ampliar sua implementação e melhorar a eficácia do sistema de saúde. Neste contexto, a sinergia entre órgãos governamentais, instituições de saúde e desenvolvedores de tecnologia é considerada crítica para superar os desafios e otimizar os benefícios da telemedicina no cuidado geriátrico.&amp;lt;/p&amp;gt;}, 
    number={1}, 
    journal={Revista Ibero-Americana de Humanidades, Ciências e Educação}, author={Santos Neto, José Mateus dos and Tavares, Ridania Vieira and Mesquita, Aline Otoni and Magalhães, Isadora Borges and Silva, Caroline Otoni da}, 
    year={2024}, 
    month={fev.}, 
    pages={1074–1084} 
}

@article{petraroli2018biotelemetria,
    author = {Alessandra Gallo Petraroli and Marcelo Marinho Aidar},
    title = {Biotelemetria: desenvolvimento de um negócio para saúde de idosos},
    journal = {EAESP - FGV},
    year = {2018},
    month = {jun.}
}

@misc{ministeriosaude2021ilpi,
	Author = {Minist{\'e}rio da Sa{\'u}de},
	Date-Added = {2025-05-29 11:00:00 +0000},
	Howpublished = {Diário Oficial da União},
	Keywords = {cuidador, norma, definição, ministério, governo, público},
	Title = {RESOLUÇÃO DE DIRETORIA COLEGIADA - RDC Nº 502, DE 27 DE MAIO DE 2021},
	Url = {https://bvsms.saude.gov.br/bvs/saudelegis/anvisa/2020/rdc0502_27_05_2021.pdf},
	Urlaccessdate = {29 maio 2025},
	Year = {2021},
	Bdsk-Url-1 = {https://bvsms.saude.gov.br/bvs/saudelegis/anvisa/2020/rdc0502_27_05_2021.pdf}
}

@article{nunes2018sabe,
    author = {Daniella Pires Nunes and Tábatta Renata Pereira de Brito and Yeda Aparecida de Oliveira Duarte and Maria Lúcia Lebrão},
    title = {Cuidadores de idosos e tensão excessiva associada ao cuidado: evidências do Estudo SABE },
    journal = {REV BRAS EPIDEMIOL},
    year = {2018},
    month = {sep.}
}

@article{Schaefer2023telemedicina,
    title={Telemedicina y tecnología de asistencia}, 
    url={https://revistes.ub.edu/index.php/RBD/article/view/40833}, 
    DOI={10.1344/rbd2023.57.40833}, 
    abstractNote={&amp;lt;p&amp;gt;Busca analizar los desafíos del acercamiento médico y paciente en una relación mediada por la telemedicina y cómo las tecnologías asistivas pueden (y deben) contribuir a una atención satisfactoria, respetando todas las dimensiones del paciente, su individualidad y autodeterminación. El acto de delegar el destino del paciente a la tecnología, sin la debida atención y respeto a sus limitaciones y características individuales, es considerado un verdadero retroceso a los ideales paternalistas. Y se entiende que la tecnología asistiva puede ser una posible solución a los problemas derivados del uso de las tecnologías de la información y la comunicación. Se concluye que la integralidad de los servicios de salud solo se logra si se atiende a la realidad social de los pacientes y sus características individuales, con el fin de lograr la igualdad y la equidad; y que el uso puro y simple de los medios tecnológicos no es suficiente para lograr la integralidad de los servicios de salud. Se utilizó metodología exploratoria, recolección de datos e información doctrinal sobre el objeto de estudio, seguida de la respectiva sistematización en un triple carácter (recopilación, organización y conservación de documentos), para su justificación.&amp;lt;/p&amp;gt;}, 
    number={57}, 
    journal={Revista de Bioética y Derecho}, 
    author={Schaefer Rivabem and Fernanda Leal de Meirelles and Jussara Maria}, 
    year={2023}, 
    month={feb.}, 
    pages={53–66} 
}

@article{quirino2023percepcao,
    author = {Lara Miguel Quirino Ara{\'u}jo and Nádia Vitorino Vieira and Ana Cristina Gonçalves Vieira and Luciana Alves da Costa and Raquel Spindola Samartini and Viviane Cristina Cândido},
    title = { Percepção de idosos sobre teleconsulta por telefone durante a pandemia de COVID-19: um estudo qualitativo },
    journal = {Geriatrics Gerontology and Aging},
    year = {2023},
}